@inproceedings{liu2017oblivious,
  title={Oblivious neural network predictions via minionn transformations},
  author={Liu, Jian and Juuti, Mika and Lu, Yao and Asokan, Nadarajah},
  booktitle={Proceedings of the 2017 ACM SIGSAC conference on computer and communications security},
  pages={619--631},
  year={2017}
}


@inproceedings{nandakumar2019towards,
  title={Towards deep neural network training on encrypted data},
  author={Nandakumar, Karthik and Ratha, Nalini and Pankanti, Sharath and Halevi, Shai},
  booktitle={Proceedings of the IEEE/CVF Conference on Computer Vision and Pattern Recognition Workshops},
  pages={0--0},
  year={2019}
}

@inproceedings{mohassel2017secureml,
  title={Secureml: A system for scalable privacy-preserving machine learning},
  author={Mohassel, Payman and Zhang, Yupeng},
  booktitle={2017 IEEE symposium on security and privacy (SP)},
  pages={19--38},
  year={2017},
  organization={IEEE}
}

@article{zhao2020idlg,
  title={idlg: Improved deep leakage from gradients},
  author={Zhao, Bo and Mopuri, Konda Reddy and Bilen, Hakan},
  journal={arXiv preprint arXiv:2001.02610},
  year={2020}
}